@book{matouvsek2002lectures,
  title={Lectures on discrete geometry},
  author={Matou{\v{s}}ek, J.},
  volume={212},
  publisher={Springer},
  year = {2002},
  series = {Graduate Texts in Mathematics},
  doi = {10.1007/978-1-4613-0039-7}
}

@Article{Radon1921,
author="Radon, J.",
title="Mengen konvexer K{\"o}rper, die einen gemeinsamen Punkt enthalten",
journal="Mathematische Annalen",
year="1921",
volume="83",
number="1",
pages="113--115",
issn="1432-1807",
doi="10.1007/BF01464231",
}

@article{Helly1923,
author = {Helly, E.},
journal = {Jahresbericht der Deutschen Mathematiker-Vereinigung},
pages = {175-176},
title = {\"Uber Mengen konvexer K\"orper mit gemeinschaftlichen Punkte.},
url = {http://eudml.org/doc/145659},
volume = {32},
year = {1923},
}
@article{sarkaria1992tverberg,
  title={Tverberg's theorem via number fields},
  author={Sarkaria, {K. S.}},
  journal={Israel journal of mathematics},
  volume={79},
  number={2},
  pages={317--320},
  year={1992},
  publisher={Springer}
}
@article{barany1982generalization,
  title={A generalization of Carath{\'e}odory's theorem},
  author={B{\'a}r{\'a}ny, I.},
  journal={Discrete Mathematics},
  volume={40},
  number={2},
  pages={141--152},
  year={1982},
  publisher={Elsevier}
}
@article{Tverberg1966,
title = {A Generalization of Radon's Theorem},
author = {Tverberg, H.},
year = {1966},
doi = {10.1112/jlms/s1-41.1.123},
journal = {Journal of the London Mathematical Society},
volume = {s1-41},
pages = {123--128},
number = {1},
}
@Article{Caratheodory1911,
author="Carath{\'e}odory, C.",
title="{\"U}ber den variabilit{\"a}tsbereich der fourier'schen konstanten von positiven harmonischen funktionen",
journal="Rendiconti del Circolo Matematico di Palermo (1884-1940)",
year="1911",
volume="32",
number="1",
pages="193--217",
issn="0009-725X",
doi="10.1007/BF03014795",
}




@article{erdos-ko-rado-1961,
author = {\erdos, P. and Ko, C. and Rado, R.}, 
title = {Intersection Theorems For Systems Of Finite Sets},
volume = {12}, 
number = {1}, 
pages = {313-320}, 
year = {1961}, 
doi = {10.1093/qmath/12.1.313}, 
journal = {The Quarterly Journal of Mathematics} 
}

@article{Alon1996,
title = "The Polynomial Method and Restricted Sums of Congruence Classes ",
journal = "Journal of Number Theory ",
volume = "56",
number = "2",
pages = "404 - 417",
year = "1996",
note = "",
issn = "0022-314X",
doi = "http://dx.doi.org/10.1006/jnth.1996.0029",
url = "http://www.sciencedirect.com/science/article/pii/S0022314X96900293",
author = "Alon {N.} and Nathanson {M. B.} and Ruzsa, I."
}


@Article{AlonTarsi89,
author="Alon, N.
and Tarsi, M.",
title="A nowhere-zero point in linear mappings",
journal="Combinatorica",
volume="9",
year="1989",
number="4",
pages="393--395",
abstract="We state the following conjecture and prove it for the case whereq is a proper prime power:",
issn="1439-6912",
doi="10.1007/BF02125351",
url="http://dx.doi.org/10.1007/BF02125351"
}


@Article{HilbertNull,
author="Hilbert, D.",
title="Ueber die vollen Invariantensysteme",
journal="Mathematische Annalen",
volume="42",
number="3",
year="1893",
pages="320",
issn="1432-1807",
doi="10.1007/BF01444162",
url="http://dx.doi.org/10.1007/BF01444162"
}


@article{Alon1999,
author = {Alon, N.},
title = {Combinatorial Nullstellensatz},
journal = {Combinatorics, Probability and Computing},
volume = {8},
issue = {1&2},
month = {1},
month = {1},
year = {1999},
issn = {1469-2163},
pages = {7--29},
numpages = {23},
doi = {10.1017/S0963548398003411},
}

@Article{VdWaerden1927,
    Author = {{van der Waerden}, {B. L.}},
    Title = {{Beweis einer Baudetschen Vermutung.}},
    FJournal = {{Nieuw Archief voor Wiskunde. Tweede Serie}},
    Journal = {{Nieuw Arch. Wiskd., II. Ser.}},
    ISSN = {0028-9825},
    Volume = {15},
    Pages = {212--216},
    Year = {1927},
    Language = {German},
    Zbl = {53.0073.12}
}

@article{conlon2009new,
  title={A new upper bound for diagonal Ramsey numbers},
  author={Conlon, D.},
  journal={Annals of Mathematics},
  pages={941--960},
  year={2009},
  publisher={JSTOR}
}

@article{SPENCER1975,
title = "Ramsey's theorem---A new lower bound",
journal = "Journal of Combinatorial Theory, Series A",
volume = "18",
number = "1",
pages = "108 - 115",
year = "1975",
note = "",
issn = "0097-3165",
doi = "http://dx.doi.org/10.1016/0097-3165(75)90071-0",
author = "Spencer, J.",
}
@article{tetra,
 ISSN = {00029890, 19300972},
 URL = {http://www.jstor.org/stable/2973351},
 author = {Arc},
 journal = {The American Mathematical Monthly},
 number = {6/7},
 pages = {279-281},
 publisher = {Mathematical Association of America},
 title = {Problems: Notes: 18 Radius of the Sphere Circumscribing a Tetrahedron},
 volume = {28},
 year = {1921}
}
@article {Wit_paper,
author = {Wit, Ernst},
title = {Ein kombinatorischer Satz der Elementargeometrie},
journal = {Mathematische Nachrichten},
volume = {6},
number = {5},
doi = {10.1002/mana.19520060502},
pages = {261--262},
year = {1952},
}
@book{Ramsey_Yesterday_today_tomorrow,
  editor = {Soifer, A.},
  Title = {Ramsey Theory: Yesterday, Today, and Tomorrow},
  series = {Progress in Mathematics},
  volume = {285},
  Publisher = {Birkh{\"a}user Boston},
  Year = {2010},
  ISBN = {0817680918},
  doi = {10.1007/978-0-8176-8092-3}
}


@article{Rado_note,
  title={Note on combinatorial analysis},
  author={Rado, R.},
  journal={Proceedings of the London Mathematical Society},
  volume={48},
  number={2},
  pages={122-160},
  year={1943},
  publisher={Oxford University Press}
}
@article{Witt,
author = {Wiit, E.},
year = {1951},
pages = {261-262},
volume = {6},
title = {Ein kombinatorischer Satz der Elementargeometrie},
journal = {Math. Nachr.}

}
@article{ramsey1930problem,
  title={On a Problem of Formal Logic},
  author={Ramsey, F.P.},
  journal={Proceedings of the London Mathematical Society},
  volume={2},
  number={1},
  pages={264--286},
  year={1930},
  publisher={Oxford University Press}
}
@article{erdos1947someremarks,
  title={Some remarks on the theory of graphs},
  author={\erdos, P.},
  journal={Bulletin of the American Mathematical Society},
  volume={53},
  number={4},
  pages={292--294},
  year={1947}
}

@article{elekes1997number,
  title={On the number of sums and products},
  author={Elekes, G.},
  journal={Acta Arithmetica},
  volume={81},
  number={4},
  pages={365--367},
  year={1997},
  publisher={Institute of Mathematics Polish Academy of Sciences}
}


@article{Solymosi2009,
title = "Bounding multiplicative energy by the sumset ",
journal = "Advances in Mathematics",
volume = "222",
number = "2",
pages = "402 - 408",
year = "2009",
note = "",
issn = "0001-8708",
doi = "http://dx.doi.org/10.1016/j.aim.2009.04.006",
author = "Solymosi, J.",
keywords = "Sum-product estimates "
}

@Article{sperner1928,
author="Sperner, E.",
title="Ein Satz {\"u}ber Untermengen einer endlichen Menge",
journal="Mathematische Zeitschrift",
volume="27",
number="1",
pages="544--548",
issn="1432-1823",
doi="10.1007/BF01171114",
year="1928"
}

@Article{Bollab_LYM,
author="Bollob{\'a}s, B.",
title="On generalized graphs",
journal="Acta Mathematica Academiae Scientiarum Hungarica",
volume="16",
year="1965",
number="3",
pages="447--452",
issn="1588-2632",
doi="10.1007/BF01904851",
}



@article{yamamoto1954_LYM,
author = "Yamamoto, K.",
doi = "10.2969/jmsj/00630343",
fjournal = "Journal of the Mathematical Society of Japan",
journal = "J. Math. Soc. Japan",
month = "12",
number = "3-4",
pages = "343--353",
publisher = "Mathematical Society of Japan",
title = "Logarithmic order of free distributive lattice",
volume = "6",
year = "1954"
}



@article{Meshalkin_LYM,
author = {Meshalkin, L. D.},
title = {Generalization of Sperner's Theorem on the Number of Subsets of a Finite Set},
journal = {Theory of Probability \& Its Applications},
volume = {8},
number = {2},
pages = {203-204},
year = {1963},
doi = {10.1137/1108023},
}


@article{LUBELL_LYM,
title = "A short proof of Sperner's lemma",
journal = "Journal of Combinatorial Theory",
volume = "1",
number = "2",
pages = "299 - ",
year = "1966",
note = "",
issn = "0021-9800",
doi = "http://dx.doi.org/10.1016/S0021-9800(66)80035-2",
author = "Lubell, D.",
}


@article{Hallmarriage,
author = {Hall, P.}, 
title = {On Representatives of Subsets},
volume = {s1-10}, 
number = {1}, 
pages = {26-30}, 
year = {1935}, 
doi = {10.1112/jlms/s1-10.37.26}, 
journal = {Journal of the London Mathematical Society} 
}

@Article{Szemeredi-Trotter1983,
author="{Szemer{\'e}di}, E.
and {Trotter}, {W. T.}",
title="Extremal problems in discrete geometry",
journal="Combinatorica",
volume="3",
number="3",
pages="381--392",
issn="1439-6912",
doi="10.1007/BF02579194",
year = "1983",
}



@article{Ahlswede-Khachatrian-1997,
 author = {Ahlswede, {R.} and Khachatrian, {L. H.}},
 title = {The Complete Intersection Theorem for Systems of Finite Sets},
 journal = {Eur. J. Comb.},
 issue_date = {Feb. 1997},
 volume = {18},
 number = {2},
 month = feb,
 year = {1997},
 issn = {0195-6698},
 pages = {125--136},
 numpages = {12},
 doi = {10.1006/eujc.1995.0092},
 acmid = {252923},
 publisher = {Academic Press Ltd.},
 address = {London, UK, UK},
} 

@article{LIGGETT197715,
title = "Extensions of the \erdos-Ko-Rado theorem and a statistical application",
journal = "Journal of Combinatorial Theory, Series A",
volume = "23",
number = "1",
pages = "15 - 21",
year = "1977",
note = "",
issn = "0097-3165",
doi = "http://dx.doi.org/10.1016/0097-3165(77)90075-9",
author = "Liggett, {T. M.}",
}

@InBook{katona1968,
  title={Theory of Graphs: Proceedings of the Colloquium on Graph Theory, Held at Tihany, Hungary, September 1966},
  chapter = {A theorem of finite sets},
  author= {Katona, {G. O. H.}},
  editor={Erd{\Haccent{o}}s, P. and Katona, {G. O. H.}},
  year={1968},
  publisher={Academic Press}
}

@article{erdos-stone,
author = "\erdos, P. and Stone, A. H.",
fjournal = "Bulletin of the American Mathematical Society",
journal = "Bull. Amer. Math. Soc.",
month = "12",
number = "12",
pages = "1087--1091",
publisher = "American Mathematical Society",
title = "On the structure of linear graphs",
volume = "52",
year = "1946",
doi = "10.1090/S0002-9904-1946-08715-7",
}

@article{turan1941extremal,
  title={On an extremal problem in graph theory},
  author={Tur{\'a}n, P.},
  journal={Mat. Fiz. Lapok},
  volume={48},
  number={436-452},
  pages={137},
  year={1941}
}
@article{Katona_Nemetz_Simonovits,
  title={On a graph problem of Tur\'an.},
  author={Katona, {G. O. H.}, and Nemetz, T., and Simonovits, M.},
  journal={Mat. Lapok},
  pages={228-238},
  year={1964},
  language={Hungarian},
}


@article{steiner1838einfache,
  title={Einfache Beweise der isoperimetrischen Haupts{\"a}tze.},
  author={Steiner, J.},
  journal={Journal f{\"u}r die reine und angewandte Mathematik},
  volume={18},
  pages={281--296},
  year={1838}
}

@book{lovaszbook_hyper,
  title={Combinatorial Problems and Exercises},
  author={Lov{\'a}sz, L.},
  isbn={9780821869475},
  series={AMS/Chelsea publication},
  year={1979},
  note={Problem 13.31},
  publisher={North-Holland Publishing Company}
}


@InBook{kruskal1963,
title={Mathematical optimization techniques},
publisher={University of California Press},
editor={Bellman, R.},
  chapter={The Number of Simplices in a Complex},
  author={Kruskal, {J. B.}},
  journal={Mathematical optimization techniques},
  pages={251},
  year={1963}
}





@Inbook{Erdos-Szemeredi-1983,
author="\erdos, P.
and Szemer{\'e}di, E.",
editor="\erdos, P.
and Alp{\'a}r, L.
and Hal{\'a}sz, G.
and S{\'a}rk{\"o}zy, A.",
chapter="On sums and products of integers",
title="Studies in Pure Mathematics: To the Memory of Paul Tur{\'a}n",
year="1983",
publisher="Birkh{\"a}user Basel",
address="Basel",
pages="213--218",
isbn="978-3-0348-5438-2",
doi="10.1007/978-3-0348-5438-2_19",
}



@article{erdosszekeres1935combinatorial,
  title={A combinatorial problem in geometry},
  author={\erdos, P. and Szekeres, G.},
  journal={Compositio Mathematica},
  volume={2},
  pages={463--470},
  year={1935}
}
@Article{Erdos-Simon1983,
author="\erdos, P.
and Simonovits, M.",
title="Supersaturated graphs and hypergraphs",
journal="Combinatorica",
volume="3",
number="2",
pages="181--192",
issn="1439-6912",
doi="10.1007/BF02579292",
year = "1983",
}

@article{DeCaenFuredi,
title = "The Maximum Size of 3-Uniform Hypergraphs Not Containing a Fano Plane",
journal = "Journal of Combinatorial Theory, Series B ",
volume = "78",
number = "2",
pages = "274 - 276",
year = "2000",
note = "",
issn = "0095-8956",
doi = "http://dx.doi.org/10.1006/jctb.1999.1938",
author = "{de Caen}, D. and {F\"{u}redi}, Z."
}
@article{ErdosHeilbronn,
author = {\erdos, P. and Heilbronn, H.},
journal = {Acta Arithmetica},
keywords = {number theory},
language = {eng},
number = {2},
pages = {149-159},
publisher = {Institute of Mathematics Polish Academy of Sciences},
title = {On the addition of residue classes mod p},
volume = {9},
year = {1964},
}

@ARTICLE{shannonGraph, 
author={Shannon, C.}, 
journal={IRE Transactions on Information Theory}, 
title={The zero error capacity of a noisy channel}, 
year={1956}, 
volume={2}, 
number={3}, 
pages={8-19}, 
doi={10.1109/TIT.1956.1056798}, 
}
@article{halesJewett1963regularity,
  title={Regularity and positional games},
  author={Hales, A. W. and Jewett, R. I.},
  journal={Transactions of the American Mathematical Society},
  volume={106},
  number={2},
  pages={222--229},
  year={1963}
}
@ARTICLE{Lovasztheta, 
author={Lov\'asz, L.}, 
journal={IEEE Transactions on Information Theory}, 
title={On the Shannon capacity of a graph}, 
year={1979}, 
volume={25}, 
number={1}, 
pages={1-7}, 
doi={10.1109/TIT.1979.1055985}, 
}

@article{dvir2009size,
  title={On the size of Kakeya sets in finite fields},
  author={Dvir, Zeev},
  journal={Journal of the American Mathematical Society},
  volume={22},
  number={4},
  pages={1093--1097},
  year={2009},
  doi = {10.1090/S0894-0347-08-00607-3}
}

@article{Kakeya, 
author = {Kakeya, S.},
journal = {Science Reports of the T{\v o}hoku Imperial University},
series = {First series, Mathematics, physics, chemistry},
volume = {6},
year = {1917},
pages = {71--78},
}
@article{SilvaHamidoune1994,
author = {Da Silva, J. A. D. and Hamidoune, Y. O.}, 
title = {Cyclic Spaces for Grassmann Derivatives and Additive Theory},
volume = {26}, 
number = {2}, 
pages = {140-146}, 
year = {1994}, 
doi = {10.1112/blms/26.2.140}, 
journal = {Bulletin of the London Mathematical Society} 
}
@article{ErdosGinzburgZiv1961,
  title={Theorem in the additive number theory},
  author={Erd{\"o}s, P and Ginzburg, A and Ziv, A},
  title = {Theorem in the additive number theory},
  year = {1961},
  journal = {Bulletin of the Research Council of Israel},
  volume = {41-43},
  numebr = {10},
}


@article{AlonFuredi1993,
title = "Covering the Cube by Affine Hyperplanes",
journal = "European Journal of Combinatorics",
volume = "14",
number = "2",
pages = "79 - 83",
year = "1993",
note = "",
issn = "0195-6698",
doi = "http://dx.doi.org/10.1006/eujc.1993.1011",
author = "Alon, N. and F{\"u}redi, Z.",

}
@Article{Gowers2001,
author="Gowers, {W. T.}",
title="A new proof of Szemer{\'e}di's theorem",
journal="Geometric {\&} Functional Analysis GAFA",
year="2001",
volume="11",
number="3",
pages="465--588",
issn="1420-8970",
doi="10.1007/s00039-001-0332-9",
}
@article{green2008primes,
  title={The primes contain arbitrarily long arithmetic progressions},
  author={Green, B. and Tao, T.},
  journal={Annals of Mathematics},
  pages={481--547},
  year={2008},
  volume ={167-2},
  publisher={JSTOR}
}
@article{szemeredi1975sets,
  title={On sets of integers containing k elements in arithmetic progression},
  author={Szemer{\'e}di, E.},
  journal={Acta Arithmetica},
  volume={27},
  number={1},
  pages={199--245},
  year={1975},
  publisher={Institute of Mathematics Polish Academy of Sciences}
}
@article{DensityHJ,
  title={A density version of the Hales-Jewett theorem},
  author={Furstenberg, H. and Katznelson, Y.},
  journal={Journal d'Analyse Mathematique},
  volume={57},
  number={1},
  pages={64--119},
  year={1991},
  publisher={Springer}
}




@article{LO1943,
author = {Littlewood, {J. E.} and Offord, {A. C.}}, 
title = {On the Number of Real Roots of a Random Algebraic Equation},
volume = {s1-13}, 
number = {4}, 
pages = {288-295}, 
year = {1938}, 
doi = {10.1112/jlms/s1-13.4.288}, 
journal = {Journal of the London Mathematical Society} 
}


@article{erdos1945,
author = "\erdos, P.",
fjournal = "Bulletin of the American Mathematical Society",
journal = "Bull. Amer. Math. Soc.",
month = "12",
number = "12",
pages = "898--902",
publisher = "American Mathematical Society",
title = "On a lemma of Littlewood and Offord",
url = "http://projecteuclid.org/euclid.bams/1183507531",
volume = "51",
year = "1945"
}


@article{KLEITMAN1970,
title = "On a lemma of Littlewood and Offord on the distributions of linear combinations of vectors",
journal = "Advances in Mathematics",
volume = "5",
number = "1",
pages = "155 - 157",
year = "1970",
note = "",
issn = "0001-8708",
doi = "http://dx.doi.org/10.1016/0001-8708(70)90038-1",
author = "Kleitman, {D. J.}",
}

@book{tao_vu,
author = "Tao, T. and Vu, {V. H.} ",
title = {Additive Combinatorics}, 
publisher = {Cambridge University Press}, 
year = {2006},
isbn = {9780511755149}, 
note = {Cambridge Books Online}, 
url = {http://dx.doi.org/10.1017/CBO9780511755149}
}
@Article{erd64,
author="\erdos, P.",
title="On extremal problems of graphs and generalized graphs",
journal="Israel Journal of Mathematics",
volume="2",
number="3",
pages="183--190",
issn="1565-8511",
doi="10.1007/BF02759942",
year="1964"
}
